@book{book,
 editor = {Johnson, R. A. and Wichern, D. W.},
 title = {Applied Multivariate Statistical Analysis},
 year = {1988},
 isbn = {0-130-41146-9},
 publisher = {Prentice-Hall, Inc.},
 address = {Upper Saddle River, NJ, USA},
} 
